<?xml version="1.0" encoding="UTF-8"?><record xmlns="http://www.loc.gov/MARC21/slim" xmlns:cinclude="http://apache.org/cocoon/include/1.0" xmlns:zs="http://www.loc.gov/zing/srw/">
  <leader>00744cz  a2200157n  4500</leader>
  <controlfield tag="001">n  83061513 </controlfield>
  <controlfield tag="003">DLC</controlfield>
  <controlfield tag="005">20130316081927.0</controlfield>
  <controlfield tag="008">830801n| azannaabn          |a ana     c</controlfield>
  <datafield tag="010" ind1=" " ind2=" ">
    <subfield code="a">n  83061513 </subfield>
  </datafield>
  <datafield tag="035" ind1=" " ind2=" ">
    <subfield code="a">(OCoLC)oca00945656</subfield>
  </datafield>
  <datafield tag="040" ind1=" " ind2=" ">
    <subfield code="a">DI</subfield>
    <subfield code="b">eng</subfield>
    <subfield code="e">rda</subfield>
    <subfield code="c">DLC</subfield>
    <subfield code="d">OCoLC</subfield>
    <subfield code="d">DLC</subfield>
  </datafield>
  <datafield tag="110" ind1="2" ind2=" ">
    <subfield code="a">University of Minnesota.</subfield>
    <subfield code="b">Archaeology Laboratory</subfield>
  </datafield>
  <datafield tag="410" ind1="2" ind2=" ">
    <subfield code="a">University of Minnesota.</subfield>
    <subfield code="b">Department of Anthropology.</subfield>
    <subfield code="b">Archaeology Laboratory</subfield>
  </datafield>
  <datafield tag="510" ind1="2" ind2=" ">
    <subfield code="w">r</subfield>
    <subfield code="i">Hierarchical superior:</subfield>
    <subfield code="a">University of Minnesota.</subfield>
    <subfield code="b">Department of Anthropology</subfield>
  </datafield>
  <datafield tag="670" ind1=" " ind2=" ">
    <subfield code="a">Johnson, E. Cultural resources investigations at the Lake ... 1978 (a.e.)</subfield>
    <subfield code="b">t.p. (Archaeology Laboratory, University of Minnesota) cover (Archaeology Laboratory, Department of Anthropology, University of Minnesota)</subfield>
  </datafield>
</record>